<?xml version="1.0" encoding="UTF-8"?><collection xmlns="http://www.loc.gov/MARC21/slim"><record><leader>00543nam--2200145-i-4500</leader><controlfield tag="001">000012691</controlfield><controlfield tag="002">20161230</controlfield><controlfield tag="005">20161230201029</controlfield><controlfield tag="008">060222s1000------------r-----000-0-eng-d</controlfield><datafield ind1=" " ind2=" " tag="080"><subfield code="a">621.039.85:539.163:546.862:546.811(047.3)</subfield></datafield><datafield ind1=" " ind2=" " tag="100"><subfield code="a">Adan. L., Rebollo, D.V</subfield></datafield><datafield ind1=" " ind2=" " tag="245"><subfield code="a">Generator de 113sn-113in. estudio de las caracteristicas mas relevantes en la cmposi- cion del eluide conmiras a la obtencion de compuestos marcados de aplication clinica</subfield></datafield><datafield ind1=" " ind2=" " tag="260"><subfield code="a">Madrid, Junta De Energia Nuclear, 1978 159 P. + Xxv</subfield></datafield><datafield ind1=" " ind2=" " tag="490"><subfield code="a">430</subfield></datafield><datafield ind1=" " ind2=" " tag="852"><subfield code="a">13754</subfield></datafield></record></collection>